%--------------------------------
% Artikel Ilmiah
%--------------------------------

@article{krasner1988desc,
  title={A description of the model-view-controller user interface paradigm in the smalltalk-80 system},
  author={Krasner, Glenn E and Pope, Stephen T},
  journal={Journal of object oriented programming},
  volume={1},
  number={3},
  pages={26--49},
  year={1988}
}

@article{burbeck1992applications,
  title={Applications programming in smalltalk-80 (tm): How to use model-view-controller (mvc)},
  author={Burbeck, Steve},
  journal={Smalltalk-80 v2},
  volume={5},
  year={1992}
}

%--------------------------------
% Proceeding
%--------------------------------

@inproceedings{hahnle2013hats,
  title={HATS abstract behavioral specification: the architectural view},
  author={H{\"a}hnle, Reiner and Helvensteijn, Michiel and Johnsen, Einar Broch and Lienhardt, Michael and Sangiorgi, Davide and Schaefer, Ina and Wong, Peter YH},
  booktitle={Formal Methods for Components and Objects},
  pages={109--132},
  year={2013},
  organization={Springer}
}

@inproceedings{leff2001web,
  title={Web-application development using the model/view/controller design pattern},
  author={Leff, Avraham and Rayfield, James T},
  booktitle={Enterprise Distributed Object Computing Conference, 2001. EDOC'01. Proceedings. Fifth IEEE International},
  pages={118--127},
  year={2001},
  organization={IEEE}
}

@inproceedings{clarke2012variability,
  title={Variability modelling in the ABS language},
  author={Clarke, Dave and Muschevici, Radu and Proen{\c{c}}a, Jos{\'e} and Schaefer, Ina and Schlatte, Rudolf},
  booktitle={Formal Methods for Components and Objects},
  pages={204--224},
  year={2012},
  organization={Springer}
}

@inproceedings{haber2011delta,
  title={Delta modeling for software architectures},
  author={Haber, Arne and Rendel, Holger and Rumpe, Bernhard and Schaefer, Ina},
  booktitle={Tagungsband des Dagstuhl-Workshop MBEES: Modellbasierte Entwicklung eingebetteter Systeme VII, Munich, Germany},
  year={2011}
}

@inproceedings{metzger2007variability,
  title={Variability management in software product line engineering},
  author={Metzger, Andreas and Pohl, Klaus},
  booktitle={Companion to the proceedings of the 29th International Conference on Software Engineering},
  pages={186--187},
  year={2007},
  organization={IEEE Computer Society}
}

@inproceedings{metzger2014software,
  title={Software product line engineering and variability management: achievements and challenges},
  author={Metzger, Andreas and Pohl, Klaus},
  booktitle={Proceedings of the on Future of Software Engineering},
  pages={70--84},
  year={2014},
  organization={ACM}
}

%--------------------------------
% Buku
%--------------------------------

@book{pohl2005software,
  title={Software product line engineering},
  author={Pohl, Klaus and B{\"o}ckle, G{\"u}nter and Van Der Linden, Frank},
  volume={10},
  year={2005},
  publisher={Springer}
}

@book{kurose2013computer,
  title={Computer networking: a top-down approach sixth edition},
  author={Kurose, Keith W. Ross},
  year={2013},
  publisher={Pearson Education},
  isbn={978-0-13-285620-1}
}

%--------------------------------
% Web Page
%--------------------------------
@misc{webrfc2616,
    author = {IETF},
	title = {Hypertext Transfer Protocol HTTP/1.1},
	year = {1999},
	note = {[Diakses 22 Desember 2014]},
	howpublished = {https://tools.ietf.org/html/rfc2616},
}

@misc{absref2013,
    author = {HATS},
	title = {The ABS Language Specification},
	year = {2013},
	note = {[Diakses 13 Oktober 2014]},
	howpublished = {http://tools.hats-project.eu/download/absrefmanual.pdf},
}